
@article{Suger,
	author = {B. Suger and B. Steder and W. Burgard},
	title = {Traversability Analysis for Mobile Robots in Outdoor Environments: A Semi-supervised Learning Approach Based on 3D-Lidar Data},
	journal = {Proceedings of the IEEE International Conference on Robotics and Automation (ICRA)},
	year = {2015},
	pages = {3941-3946},
}

@article{Kim,
	author = {D. Kim and J. Sun and S. M. Oh and J. M. Rehg and A. F. Bobick},
	title = {Traversability Classification using Unsupervised On-line Visual Learning for Outdoor Robot Navigation},
	journal = {Proceedings of the IEEE International Conference on Robotics and Automation (ICRA)},
	year = {2006},
	pages = {518-525},
}

@article{Zhelo,
	author = {O. Zhelo and J. Zhang and L. Tai and M. Liu and W. Burgard},
	title = {Curiosity-driven Exploration for Mapless Navigation with Deep Reinforcement Learning},
	journal = {arXiv preprint arXiv:1804.00456},
	year = {2018},
}

@article{Hirose,
	author = {N. Hirose and A. Sadeghian and P. Goebel and S. Savarese},
	title = {To Go or Not To Go? A Near Unsupervised Learning Approach For Robot Navigation},
	journal = {arXiv preprint arXiv:1709.05439},
	year = {2017},
}

@article{Wigness,
	author = {M. Wigness and J. G. Rogers and L. E. Navarro-Serment},
	title = {Robot Navigation from Human Demonstration: Learning Control Behaviors},
	journal = {Proceedings of the IEEE International Conference on Robotics and Automation (ICRA)},
	year = {2018},
	pages = {1150-1157},
}

@article{Papadakis,
	author = {P. Papadakis},
	title = {Terrain traversability analysis methods for unmanned ground vehicles: A survey},
	journal = {Proceedings of the Engineering Applications of Artificial Intelligence (EAAI)},
	year = {2013},
	pages = {1373-1385},
}